<record><leader>00000cas a2200000Ia 4500</leader><controlfield tag="001">12608081</controlfield><controlfield tag="008">850927d19291929ksuwr ne      0    0eng d</controlfield><datafield ind1=" " ind2=" " tag="010"><subfield code="a">sn 85031826 </subfield></datafield><datafield ind1=" " ind2=" " tag="040"><subfield code="a">KSH</subfield><subfield code="b">eng</subfield><subfield code="c">KSH</subfield><subfield code="d">NPT</subfield><subfield code="d">OCLCQ</subfield></datafield><datafield ind1="0" ind2="0" tag="245"><subfield code="a">Salina labor review.</subfield></datafield><datafield ind1=" " ind2=" " tag="260"><subfield code="a">Salina, Kan. :</subfield><subfield code="b">Frank B. Van Gundy,</subfield><subfield code="c">1929.</subfield></datafield><datafield ind1=" " ind2=" " tag="300"><subfield code="a">1 v. :</subfield><subfield code="b">ill. ;</subfield><subfield code="c">54 cm.</subfield></datafield><datafield ind1=" " ind2=" " tag="310"><subfield code="a">Weekly</subfield></datafield><datafield ind1="0" ind2=" " tag="362"><subfield code="a">Vol. 1, no. 1 (June 21, 1929)-v. 4, no. 22 (Dec. 20, 1929).</subfield></datafield><datafield ind1=" " ind2=" " tag="500"><subfield code="a">Published by Roy Balling, &lt;Sept. 27&gt;-Dec. 27, 1929.</subfield></datafield><datafield ind1=" " ind2=" " tag="515"><subfield code="a">Changed from v. 1 to v. 4, Dec. 13-20, 1929.</subfield></datafield><datafield ind1=" " ind2=" " tag="752"><subfield code="a">United States</subfield><subfield code="b">Kansas</subfield><subfield code="c">Saline</subfield><subfield code="d">Salina.</subfield></datafield><datafield ind1="0" ind2="0" tag="785"><subfield code="t">Labor review (Salina, Kan.)</subfield><subfield code="w">(DLC)sn 85031691</subfield></datafield></record>